@article{Risch2002Jan,
	author = {Risch, Neil and Piazza, Alberto and Cavalli-Sforza, L. Luca},
	title = {{Dropped genetics paper lacked scientific merit}},
	journal = {Nature},
	volume = {415},
	pages = {115},
	year = {2002},
	month = {Jan},
	issn = {1476-4687},
	publisher = {Nature Publishing Group},
	doi = {10.1038/415115b}
}

@article{Efron1996Nov,
	author = {Efron, Bradley and Halloran, Elizabeth and Holmes, Susan},
	title = {{Bootstrap confidence levels for phylogenetic trees}},
	journal = {Proc. Natl. Acad. Sci. U.S.A.},
	volume = {93},
	number = {23},
	pages = {13429},
	year = {1996},
	month = {Nov},
	issn = {0027-8424},
	publisher = {National Academy of Sciences},
	doi = {10.1073/pnas.93.23.13429}
}
@article{Arnaiz-Villena2017Jan,
	author = {Arnaiz-Villena, Antonio and Palacio-Gr{\ifmmode\ddot{u}\else\"{u}\fi}ber, Jose and Mu{\ifmmode\tilde{n}\else\~{n}\fi}iz, Ester and Campos, Cristina and Alonso-Rubio, Javier and Gomez-Casado, Eduardo and Salih, Shadallah Fareq and Martin-Villa, Manuel and Al-Qadi, Rawand},
	title = {{Genetic HLA Study of Kurds in Iraq, Iran and Tbilisi (Caucasus, Georgia): Relatedness and Medical Implications}},
	journal = {PLoS One},
	volume = {12},
	number = {1},
	pages = {e0169929},
	year = {2017},
	month = {Jan},
	issn = {1932-6203},
	doi = {10.1371/journal.pone.0169929}
}
@article{Hajjej2018Mar,
	author = {Hajjej, Abdelhafidh and Almawi, Wassim Y. and Arnaiz-Villena, Antonio and Hattab, Lasmar and Hmida, Slama},
	title = {{The genetic heterogeneity of Arab populations as inferred from HLA genes}},
	journal = {PLoS One},
	volume = {13},
	number = {3},
	pages = {e0192269},
	year = {2018},
	month = {Mar},
	issn = {1932-6203},
	doi = {10.1371/journal.pone.0192269}
}